@article{taylor2007short,
  title={Short-term load forecasting methods: An evaluation based on european data},
  author={Taylor, James W and McSharry, Patrick E},
  journal={IEEE Transactions on Power Systems},
  volume={22},
  number={4},
  pages={2213--2219},
  year={2007},
  publisher={IEEE}
}

@misc{hong2016probabilistic,
  title={Probabilistic energy forecasting: Global energy forecasting competition 2014 and beyond},
  author={Hong, Tao and Pinson, Pierre and Fan, Shu and Zareipour, Hamidreza and Troccoli, Alberto and Hyndman, Rob J},
  journal={International Journal of forecasting},
  volume={32},
  number={3},
  pages={896--913},
  year={2016},
  publisher={Elsevier}
}

@article{bacher2009online,
  title={Online short-term solar power forecasting},
  author={Bacher, Peder and Madsen, Henrik and Nielsen, Henrik Aalborg},
  journal={Solar energy},
  volume={83},
  number={10},
  pages={1772--1783},
  year={2009},
  publisher={Elsevier}
}

@article{yang2018history,
  title={History and trends in solar irradiance and PV power forecasting: A preliminary assessment and review using text mining},
  author={Yang, Dazhi and Kleissl, Jan and Gueymard, Christian A and Pedro, Hugo TC and Coimbra, Carlos FM},
  journal={Solar Energy},
  volume={168},
  pages={60--101},
  year={2018},
  publisher={Elsevier}
}

@article{zhang2014review,
  title={Review on probabilistic forecasting of wind power generation},
  author={Zhang, Yao and Wang, Jianxue and Wang, Xifan},
  journal={Renewable and Sustainable Energy Reviews},
  volume={32},
  pages={255--270},
  year={2014},
  publisher={Elsevier}
}

@article{pinson2010conditional,
  title={Conditional prediction intervals of wind power generation},
  author={Pinson, Pierre and Kariniotakis, George},
  journal={IEEE Transactions on Power Systems},
  volume={25},
  number={4},
  pages={1845--1856},
  year={2010},
  publisher={IEEE}
}

@article{grillo2012optimal,
  title={Optimal management strategy of a battery-based storage system to improve renewable energy integration in distribution networks},
  author={Grillo, Samuele and Marinelli, Mattia and Massucco, Stefano and Silvestro, Federico},
  journal={IEEE Transactions on Smart Grid},
  volume={3},
  number={2},
  pages={950--958},
  year={2012},
  publisher={IEEE}
}

@article{costa2008review,
  title={A review on the young history of the wind power short-term prediction},
  author={Costa, Alexandre and Crespo, Antonio and Navarro, Jorge and Lizcano, Gil and Madsen, Henrik and Feitosa, Everaldo},
  journal={Renewable and Sustainable Energy Reviews},
  volume={12},
  number={6},
  pages={1725--1744},
  year={2008},
  publisher={Elsevier}
}

@article{leva2017analysis,
  title={Analysis and validation of 24 hours ahead neural network forecasting of photovoltaic output power},
  author={Leva, Sonia and Dolara, Alberto and Grimaccia, Francesco and Mussetta, Marco and Ogliari, Emanuele},
  journal={Mathematics and computers in simulation},
  volume={131},
  pages={88--100},
  year={2017},
  publisher={Elsevier}
}

@article{hyndman2006another,
  title={Another look at forecast-accuracy metrics for intermittent demand},
  author={Hyndman, Rob J and others},
  journal={Foresight: The International Journal of Applied Forecasting},
  volume={4},
  number={4},
  pages={43--46},
  year={2006}
}

@article{cirillo2020tail,
  title={Tail risk of contagious diseases},
  author={Cirillo, Pasquale and Taleb, Nassim Nicholas},
  journal={Nature Physics},
  volume={16},
  number={6},
  pages={606--613},
  year={2020},
  publisher={Nature Publishing Group UK London}
}

@article{reggiani2008bayesian,
  title={A Bayesian approach to decision-making under uncertainty: An application to real-time forecasting in the river Rhine},
  author={Reggiani, P and Weerts, AH},
  journal={Journal of Hydrology},
  volume={356},
  number={1-2},
  pages={56--69},
  year={2008},
  publisher={Elsevier}
}

@book{simpkins2014reopt,
  title={REopt: a platform for energy system integration and optimization},
  author={Simpkins, Travis and Cutler, Dylan and Anderson, Kate and Olis, Dan and Elgqvist, Emma and Callahan, Michael and Walker, Andy},
  volume={45875},
  year={2014},
  publisher={American Society of Mechanical Engineers}
}

@article{mishra2022computational,
  title={Computational framework for behind-the-meter DER techno-economic modeling and optimization: REopt Lite},
  author={Mishra, Sakshi and Pohl, Josiah and Laws, Nick and Cutler, Dylan and Kwasnik, Ted and Becker, William and Zolan, Alex and Anderson, Kate and Olis, Dan and Elgqvist, Emma},
  journal={Energy Systems},
  volume={13},
  number={2},
  pages={509--537},
  year={2022},
  publisher={Springer}
}

@article{ogunmodede2021optimizing,
  title={Optimizing design and dispatch of a renewable energy system},
  author={Ogunmodede, Oluwaseun and Anderson, Kate and Cutler, Dylan and Newman, Alexandra},
  journal={Applied Energy},
  volume={287},
  pages={116527},
  year={2021},
  publisher={Elsevier}
}

% SL requests

@article{omoyele2024impact,
  title={Impact of temporal resolution on the design and reliability of residential energy systems},
  author={Omoyele, Olalekan and Matrone, Silvana and Hoffmann, Maximilian and Ogliari, Emanuele and Weinand, Jann Michael and Leva, Sonia and Stolten, Detlef},
  journal={Energy and Buildings},
  pages={114411},
  year={2024},
  publisher={Elsevier}
}

@article{matera2024time,
  title={Time-dependent photovoltaic performance assessment on a global scale using artificial neural networks},
  author={Matera, Nicoletta and Longo, Michela and Leva, Sonia},
  journal={Sustainable Energy, Grids and Networks},
  volume={38},
  pages={101337},
  year={2024},
  publisher={Elsevier}
}

@article{matrone2024electric,
  title={Electric Vehicle Supply Equipment Day-Ahead Power Forecast Based on Deep Learning and the Attention Mechanism},
  author={Matrone, Silvana and Ogliari, Emanuele and Nespoli, Alfredo and Leva, Sonia},
  journal={IEEE Transactions on Intelligent Transportation Systems},
  year={2024},
  publisher={IEEE}
}

@article{mazzeo2023user,
  title={A user-friendly and accurate machine learning tool for the evaluation of the worldwide yearly photovoltaic electricity production},
  author={Mazzeo, Domenico and Leva, Sonia and Matera, Nicoletta and Kontoleon, Karolos J and Saboor, Shaik and Pirouz, Behrouz and Elkadeem, Mohamed R},
  journal={Energy Reports},
  volume={9},
  pages={6267--6294},
  year={2023},
  publisher={Elsevier}
}

@article{wood2023day,
  title={Day Ahead Electric Load Forecast: A Comprehensive LSTM-EMD Methodology and Several Diverse Case Studies},
  author={Wood, Michael and Ogliari, Emanuele and Nespoli, Alfredo and Simpkins, Travis and Leva, Sonia},
  journal={Forecasting},
  volume={5},
  number={1},
  pages={297--314},
  year={2023},
  publisher={MDPI}
}

% new

@article{makridakis2022predicting,
  title={Predicting/hypothesizing the findings of the M5 competition},
  author={Makridakis, Spyros and Spiliotis, Evangelos and Assimakopoulos, Vassilios},
  journal={International Journal of Forecasting},
  volume={38},
  number={4},
  pages={1337--1345},
  year={2022},
  publisher={Elsevier}
}

@article{sun2019using,
  title={Using Bayesian deep learning to capture uncertainty for residential net load forecasting},
  author={Sun, Mingyang and Zhang, Tingqi and Wang, Yi and Strbac, Goran and Kang, Chongqing},
  journal={IEEE Transactions on Power Systems},
  volume={35},
  number={1},
  pages={188--201},
  year={2019},
  publisher={IEEE}
}
